<?xml version="1.0" encoding="UTF-8"?><collection xmlns="http://www.loc.gov/MARC21/slim"><record><leader>00530nam--2200193-u-4500</leader><controlfield tag="001">000050741</controlfield><controlfield tag="002">20161230</controlfield><controlfield tag="005">20161230201048</controlfield><controlfield tag="008">080328s1000------------r-----000-0-eng-d</controlfield><datafield ind1=" " ind2=" " tag="040"><subfield code="a">IFIN-HH</subfield></datafield><datafield ind1=" " ind2=" " tag="080"><subfield code="a">51</subfield></datafield><datafield ind1="1" ind2=" " tag="100"><subfield code="a">Giles, R</subfield></datafield><datafield ind1="1" ind2="0" tag="245"><subfield code="a">Mathematical Foundations of Thermodynamics</subfield></datafield><datafield ind1=" " ind2=" " tag="260"><subfield code="a">Oxford</subfield><subfield code="b">Pergamon Press</subfield><subfield code="c">1964</subfield></datafield><datafield ind1=" " ind2=" " tag="300"><subfield code="a">235 p</subfield></datafield><datafield ind1=" " ind2=" " tag="490"><subfield code="a">International Series of Monographs on Pure and Applied Mathematics</subfield><subfield code="v">Vol.53</subfield></datafield><datafield ind1=" " ind2="4" tag="650"><subfield code="a">Fundamental Conceps</subfield></datafield><datafield ind1=" " ind2=" " tag="852"><subfield code="c">10184</subfield></datafield><datafield ind1=" " ind2=" " tag="CAT"><subfield code="a">Sys</subfield><subfield code="c">20080328</subfield><subfield code="h">103411</subfield></datafield></record></collection>